@book{porter2020rise,
  title={The rise of statistical thinking, 1820--1900},
  author={Porter, Theodore M},
  year={2020},
  publisher={Princeton University Press}
}

@article{rue2009approximate,
  title={{Approximate Bayesian inference for latent Gaussian models by using integrated nested Laplace approximations}},
  author={Rue, H{\aa}vard and Martino, Sara and Chopin, Nicolas},
  journal={Journal of the Royal Statistical Society: Series B (Statistical Methodology)},
  volume={71},
  number={2},
  pages={319--392},
  year={2009},
  publisher={Wiley Online Library}
}

@book{blangiardo2015spatial,
  title={{Spatial and spatio-temporal Bayesian models with R-INLA}},
  author={Blangiardo, Marta and Cameletti, Michela},
  year={2015},
  publisher={John Wiley \& Sons}
}

@article{rue2007approximate,
  title={{Approximate Bayesian inference for hierarchical Gaussian Markov random field models}},
  author={Rue, H{\aa}vard and Martino, Sara},
  journal={Journal of Statistical Planning and Inference},
  volume={137},
  number={10},
  pages={3177--3192},
  year={2007},
  publisher={Elsevier}
}

@inproceedings{cseke2010improving,
  title={{Improving posterior marginal approximations in latent Gaussian models}},
  author={Cseke, Botond and Heskes, Tom},
  booktitle={Proceedings of the Thirteenth International Conference on Artificial Intelligence and Statistics},
  pages={121--128},
  year={2010}
}

@article{fournier2012ad,
  title={{AD Model Builder: using automatic differentiation for statistical inference of highly parameterized complex nonlinear models}},
  author={Fournier, David A and Skaug, Hans J and Ancheta, Johnoel and Ianelli, James and Magnusson, Arni and Maunder, Mark N and Nielsen, Anders and Sibert, John},
  journal={Optimization Methods and Software},
  volume={27},
  number={2},
  pages={233--249},
  year={2012},
  publisher={Taylor \& Francis}
}

@article{kristensen2016tmb,
  title={TMB: Automatic Differentiation and Laplace Approximation},
  author={Kristensen, Kasper and Nielsen, Anders and Berg, Casper W and Skaug, Hans and Bell, Bradley M and others},
  journal={Journal of Statistical Software},
  volume={70},
  number={i05},
  year={2016},
  publisher={Foundation for Open Access Statistics}
}

@article{skaug2006automatic,
  title={{Automatic approximation of the marginal likelihood in non-Gaussian hierarchical models}},
  author={Skaug, Hans J and Fournier, David A},
  journal={Computational Statistics \& Data Analysis},
  volume={51},
  number={2},
  pages={699--709},
  year={2006},
  publisher={Elsevier}
}

@article{tierney1986accurate,
  title={{Accurate approximations for posterior moments and marginal densities}},
  author={Tierney, Luke and Kadane, Joseph B},
  journal={Journal of the American Statistical Association},
  volume={81},
  number={393},
  pages={82--86},
  year={1986},
  publisher={Taylor \& Francis}
}

@article{eaton2019joint,
  title={{Joint small-area estimation of HIV prevalence, ART coverage and HIV incidence}},
  author={Eaton, Jeffrey W and Bajaj, Sumali and Jahn, Andreas and Kalua, Thokozani and Mganga, Andrew and Auld, Andrew F and Kim, Evelyn and Payne, Danielle and Shiraishi, Ray W and Gutreuter, Steve and Hallett, Timothy B and Johnson, Leigh F},
  journal={Working paper},
  year={2019}
}

@book{rue2005gaussian,
  title={{Gaussian Markov random fields: theory and applications}},
  author={Rue, Havard and Held, Leonhard},
  year={2005},
  publisher={CRC press}
}

@article{carpenter2017stan,
  title={{Stan: A probabilistic programming language}},
  author={Carpenter, Bob and Gelman, Andrew and Hoffman, Matthew D and Lee, Daniel and Goodrich, Ben and Betancourt, Michael and Brubaker, Marcus and Guo, Jiqiang and Li, Peter and Riddell, Allen},
  journal={Journal of Statistical Software},
  volume={76},
  number={1},
  year={2017},
  publisher={Columbia Univ., New York, NY (United States); Harvard Univ., Cambridge, MA~â€¦}
}

@article{baydin2017automatic,
  title={{Automatic differentiation in machine learning: a survey}},
  author={Baydin, At{\i}l{\i}m G{\"u}nes and Pearlmutter, Barak A and Radul, Alexey Andreyevich and Siskind, Jeffrey Mark},
  journal={The Journal of Machine Learning Research},
  volume={18},
  number={1},
  pages={5595--5637},
  year={2017},
  publisher={JMLR. org}
}

@article{spiegelhalter2007openbugs,
  title={{OpenBUGS user manual, version 3.0. 2}},
  author={Spiegelhalter, David and Thomas, Andrew and Best, Nicky and Lunn, Dave},
  journal={MRC Biostatistics Unit, Cambridge},
  year={2007}
}

@book{griewank2008evaluating,
  title={{Evaluating derivatives: principles and techniques of algorithmic differentiation}},
  author={Griewank, Andreas and Walther, Andrea},
  volume={105},
  year={2008},
  publisher={Siam}
}

@article{bell2012cppad,
  title={{CppAD: a package for C++ algorithmic differentiation}},
  author={Bell, Bradley M},
  journal={Computational Infrastructure for Operations Research},
  volume={57},
  number={10},
  year={2012}
}

@article{spiegelhalter2002bayesian,
  title={{Bayesian measures of model complexity and fit}},
  author={Spiegelhalter, David J and Best, Nicola G and Carlin, Bradley P and Van Der Linde, Angelika},
  journal={Journal of the Royal Statistical Society: Series B (statistical Methodology)},
  volume={64},
  number={4},
  pages={583--639},
  year={2002},
  publisher={Wiley Online Library}
}

@article{gelman2014understanding,
  title={{Understanding predictive information criteria for Bayesian models}},
  author={Gelman, Andrew and Hwang, Jessica and Vehtari, Aki},
  journal={Statistics and Computing},
  volume={24},
  number={6},
  pages={997--1016},
  year={2014},
  publisher={Springer}
}

@article{durrande2019banded,
  title={Banded matrix operators for Gaussian Markov models in the automatic differentiation era},
  author={Durrande, Nicolas and Adam, Vincent and Bordeaux, Lucas and Eleftheriadis, Stefanos and Hensman, James},
  journal={arXiv preprint arXiv:1902.10078},
  year={2019}
}

@article{martins2013bayesian,
  title={{Bayesian computing with INLA: new features}},
  author={Martins, Thiago G and Simpson, Daniel and Lindgren, Finn and Rue, H{\aa}vard},
  journal={Computational Statistics \& Data Analysis},
  volume={67},
  pages={68--83},
  year={2013},
  publisher={Elsevier}
}

@article{besag1991bayesian,
  title={{Bayesian image restoration, with two applications in spatial statistics}},
  author={Besag, Julian and York, Jeremy and Molli{\'e}, Annie},
  journal={Annals of the Institute of Statistical Mathematics},
  volume={43},
  number={1},
  pages={1--20},
  year={1991},
  publisher={Springer}
}

@article{besag1974spatial,  
  title={{Spatial Interaction and the Statistical Analysis of Lattice Systems}},
  author={Besag, Julian},
  journal={Journal of the Royal Statistical Society: Series B (Methodological)},
  volume={36},
  number={2},
  pages={192--225},
  year={1974},
  publisher={Wiley Online Library}
}

@article{simpson2017penalising,
  title={{Penalising model component complexity: A principled, practical approach to constructing priors}},
  author={Simpson, Daniel and Rue, H{\aa}vard and Riebler, Andrea and Martins, Thiago G and S{\o}rbye, Sigrunn H and others},
  journal={Statistical Science},
  volume={32},
  number={1},
  pages={1--28},
  year={2017},
  publisher={Institute of Mathematical Statistics}
}

@article{mcgovern2015using,
  title={Using interviewer random effects to remove selection bias from HIV prevalence estimates},
  author={McGovern, Mark E and B{\"a}rnighausen, Till and Salomon, Joshua A and Canning, David},
  journal={BMC medical research methodology},
  volume={15},
  number={1},
  pages={8},
  year={2015},
  publisher={Springer}
}

@article{pacheco2020finding,
  title={Finding hotspots: development of an adaptive spatial sampling approach},
  author={Pacheco, Ricardo Andrade and Rerolle, Francois and Lemoine, Jean and Hernandez, Leda and Me{\"\i}t{\'e}, Aboulaye and Bibaut, Aurelien and van der Laan, Mark and Arnold, Benjamin and Sturrock, Hugh JW},
  journal={medRxiv},
  year={2020},
  publisher={Cold Spring Harbor Laboratory Press}
}

@article{bao2012new,
  title={A new infectious disease model for estimating and projecting HIV/AIDS epidemics},
  author={Bao, Le},
  journal={Sexually transmitted infections},
  volume={88},
  number={Suppl 2},
  pages={i58--i64},
  year={2012},
  publisher={BMJ Publishing Group Ltd}
}

@article{liu2020bayesian,
  title={Bayesian model based spatiotemporal survey designs and partially observed log Gaussian Cox process},
  author={Liu, Jia and Vanhatalo, Jarno},
  journal={Spatial statistics},
  volume={35},
  pages={100392},
  year={2020},
  publisher={Elsevier}
}

@article{flaxman2019bayesian,
  author     = {Seth Flaxman},
  title      = {Bayesian survey design: a new paradigm for social science research},
  year       = {2019},
  journal    = {CMStatistics Presentation},
}

@article{fay1979estimates,
  title={{Estimates of income for small places: an application of James-Stein procedures to census data}},
  author={Fay, Robert E and Herriot, Roger A},
  journal={Journal of the American Statistical Association},
  volume={74},
  number={366a},
  pages={269--277},
  year={1979},
  publisher={Taylor \& Francis}
}

@book{lohr2009sampling,
  title={{Sampling: Design and Analysis}},
  author={Lohr, Sharon L},
  year={2009},
  publisher={Nelson Education}
}

@incollection{berliner1996hierarchical,
  title={{Hierarchical Bayesian Time Series Models}},
  author={Berliner, L Mark},
  booktitle={Maximum Entropy and Bayesian Methods},
  pages={15--22},
  year={1996},
  publisher={Springer}
}

@article{johnson2019spatially,
  title={{A spatially discrete approximation to log-Gaussian Cox processes for modelling aggregated disease count data}},
  author={Johnson, Olatunji and Diggle, Peter and Giorgi, Emanuele},
  journal={Statistics in Medicine},
  volume={38},
  number={24},
  pages={4871--4887},
  year={2019},
  publisher={Wiley Online Library}
}

@article{pfeffermann2013new,
  title={{New Important Developments in Small Area Estimation}},
  author={Pfeffermann, Danny and others},
  journal={Statistical Science},
  volume={28},
  number={1},
  pages={40--68},
  year={2013},
  publisher={Institute of Mathematical Statistics}
}

@article{dwyer2019mapping,
  title={{Mapping HIV prevalence in sub-Saharan Africa between 2000 and 2017}},
  author={Dwyer-Lindgren, Laura and Cork, Michael A and Sligar, Amber and Steuben, Krista M and Wilson, Kate F and Provost, Naomi R and Mayala, Benjamin K and VanderHeide, John D and Collison, Michael L and Hall, Jason B and others},
  journal={Nature},
  volume={570},
  number={7760},
  pages={189--193},
  year={2019},
  publisher={Nature Publishing Group}
}

@article{gneiting2007strictly,
  title={Strictly proper scoring rules, prediction, and estimation},
  author={Gneiting, Tilmann and Raftery, Adrian E},
  journal={Journal of the American Statistical Association},
  volume={102},
  number={477},
  pages={359--378},
  year={2007},
  publisher={Taylor \& Francis}
}

@article{best2005comparison,
  title={{A comparison of Bayesian spatial models for disease mapping}},
  author={Best, Nicky and Richardson, Sylvia and Thomson, Andrew},
  journal={Statistical Methods in Medical Research},
  volume={14},
  number={1},
  pages={35--59},
  year={2005},
  publisher={Sage Publications Sage CA: Thousand Oaks, CA}
}

@inproceedings{snoek2012practical,
  title={{Practical Bayesian optimization of machine learning algorithms}},
  author={Snoek, Jasper and Larochelle, Hugo and Adams, Ryan P},
  booktitle={Advances in Neural Information Processing Systems},
  pages={2951--2959},
  year={2012}
}

@inproceedings{movckus1975bayesian,
  title={{On Bayesian methods for seeking the extremum}},
  author={Mo{\v{c}}kus, Jonas},
  booktitle={Optimization techniques IFIP technical conference},
  pages={400--404},
  year={1975},
  organization={Springer}
}

@article{diaconis1988bayesian,
  title={Bayesian numerical analysis},
  author={Diaconis, Persi},
  journal={Statistical Decision Theory and Related Topics IV},
  volume={1},
  pages={163--175},
  year={1988}
}

@article{fournier2012ad,
  title={AD Model Builder: using automatic differentiation for statistical inference of highly parameterized complex nonlinear models},
  author={Fournier, David A and Skaug, Hans J and Ancheta, Johnoel and Ianelli, James and Magnusson, Arni and Maunder, Mark N and Nielsen, Anders and Sibert, John},
  journal={Optimization Methods and Software},
  volume={27},
  number={2},
  pages={233--249},
  year={2012},
  publisher={Taylor \& Francis}
}

@article{osgood2023statistical,
  title={A Statistical Review of Template Model Builder: A Flexible Tool for Spatial Modelling},
  author={Osgood-Zimmerman, Aaron and Wakefield, Jon},
  journal={International Statistical Review},
  volume={91},
  number={2},
  pages={318--342},
  year={2023},
  publisher={Wiley Online Library}
}


@book{welton2012evidence,
  title={Evidence synthesis for decision making in healthcare},
  author={Welton, Nicky and Sutton, Alexander J and Cooper, Nicola and Abrams, Keith R and Ades, AE},
  volume={132},
  year={2012},
  publisher={John Wiley \& Sons}
}

@article{eaton2021naomi,
  title={Naomi: A New Modelling Tool for Estimating HIV Epidemic Indicators at the District Level in Sub-Saharan Africa},
  author={Eaton, Jeffrey W and Dwyer-Lindgren, Laura and Gutreuter, Steve and Oâ€™Driscoll, Megan and Stevens, Oliver and Bajaj, Sumali and Ashton, Rob and Hill, Alex and Russell, Emma and Esra, Rachel and Dolan, Nicolas and Anifowoshe, Yusuf L and Fellows, Ian and Glaubius, Rob and Haeuser, Emily and Okonek, Taylor and Stover, John and Thomas, Matthew L and Wakefield, Jon and Wolock, Tim and Berry, Jonathan and Sabala, Tomasz and Heard, Nate and Delgado, Stephen and Pantazis, Athena and Jahn, Andreas and Kalua, Thoko and Chimpandule, Tiwonge and Auld, Andrew and Kim, Evelyn and Payne, Danielle and Johnson, Leigh F and Fitzjohn, Rich and Wankyeki, Ian and Mahy, Mary and Shiraishi, Ray},
  year={2021}
}

@article{elliott1992small,
  title={The Small Area Health Statistics Unit: a national facility for investigating health around point sources of environmental pollution in the United Kingdom.},
  author={Elliott, Paul and Westlake, Andrew J and Hills, Michael and Kleinschmidt, Immo and Rodrigues, Laura and McGale, Paul and Marshall, Kay and Rose, Geoffrey},
  journal={Journal of Epidemiology \& Community Health},
  volume={46},
  number={4},
  pages={345--349},
  year={1992},
  publisher={BMJ Publishing Group Ltd}
}

@article{howes2023spatio,
    doi = {10.1371/journal.pgph.0001731},
    author = {Howes, Adam and Risher, Kathryn A. and Nguyen, Van KÃ­nh and Stevens, Oliver and Jia, Katherine M. and Wolock, Timothy M. and Esra, Rachel T. and Zembe, Lycias and Wanyeki, Ian and Mahy, Mary and Benedikt, Clemens and Flaxman, Seth R. and Eaton, Jeffrey W.},
    journal = {PLOS Global Public Health},
    publisher = {Public Library of Science},
    title = {{Spatio-temporal estimates of HIV risk group proportions for adolescent girls and young women across 13 priority countries in sub-Saharan Africa}},
    year = {2023},
    month = {04},
    volume = {3},
    url = {https://doi.org/10.1371/journal.pgph.0001731},
    pages = {1-14},
    number = {4}
}

@article{howes2023beyond,
    author = {Howes, Adam and Eaton, Jeffrey W. and Flaxman, Seth R.},
    title = {{Beyond borders: evaluating the suitability of spatial adjacency for small-area estimation}},
    year = {2023+},
}

@article{howes2023fast,
    author = {Howes, Adam and Stringer, Alex and Flaxman, Seth R. and Eaton, Jeffrey W.},
    title = {{Fast approximate Bayesian inference of HIV indicators using PCA adaptive Gauss-Hermite quadrature}},
    year = {2023+},
}

@article {wolock2021evaluating,
article_type = {journal},
title = {Evaluating distributional regression strategies for modelling self-reported sexual age-mixing},
author = {Wolock, Timothy M and Flaxman, Seth and Risher, Kathryn A and Dadirai, Tawanda and Gregson, Simon and Eaton, Jeffrey W},
editor = {Franco, Eduardo and MalagÃ³n, TalÃ­a and Akullian, Adam},
volume = 10,
year = 2021,
month = {jun},
pub_date = {2021-06-24},
pages = {e68318},
citation = {eLife 2021;10:e68318},
doi = {10.7554/eLife.68318},
url = {https://doi.org/10.7554/eLife.68318},
abstract = {The age dynamics of sexual partnership formation determine patterns of sexually transmitted disease transmission and have long been a focus of researchers studying human immunodeficiency virus. Data on self-reported sexual partner age distributions are available from a variety of sources. We sought to explore statistical models that accurately predict the distribution of sexual partner ages over age and sex. We identified which probability distributions and outcome specifications best captured variation in partner age and quantified the benefits of modelling these data using distributional regression. We found that distributional regression with a sinh-arcsinh distribution replicated observed partner age distributions most accurately across three geographically diverse data sets. This framework can be extended with well-known hierarchical modelling tools and can help improve estimates of sexual age-mixing dynamics.},
keywords = {sexual behaviour, age mixing, bayesian statistics, sinh-arcsinh distribution, distributional regression},
journal = {eLife},
issn = {2050-084X},
publisher = {eLife Sciences Publications, Ltd},
}

@unpublished{stringer2021fields,
title= {Implementing Approximate Bayesian Inference Using Adaptive Quadrature},
author = {Stringer, Alex},
year = {2021},
note= {Statistics Graduate Student Research Day 2021, The Fields Institute for Research in Mathematical Sciences},
URL= {http://www.fields.utoronto.ca/talks/Implementing-Approximate-Bayesian-Inference-Using-Adaptive-Quadrature},
}

@unpublished{rinla2023faq,
title= {`R-INLA` Project - FAQ},
author = {Rue, Havard},
year = {2023},
note= {Accessed 23/01/2023},
URL= {https://www.r-inla.org/faq},
}

@article{monnahan2018no,
  title={No-U-turn sampling for fast Bayesian inference in ADMB and TMB: Introducing the adnuts and tmbstan R packages},
  author={Monnahan, Cole C and Kristensen, Kasper},
  journal={PloS one},
  volume={13},
  number={5},
  pages={e0197954},
  year={2018},
  publisher={Public Library of Science San Francisco, CA USA}
}

@article{stringer2021implementing,
  title={Implementing Approximate Bayesian Inference using Adaptive Quadrature: the aghq Package},
  author={Stringer, Alex},
  journal={arXiv preprint arXiv:2101.04468},
  year={2021}
}

@article{rose2001sick,
  title={Sick individuals and sick populations},
  author={Rose, Geoffrey},
  journal={{International Journal of Epidemiology}},
  volume={30},
  number={3},
  pages={427--432},
  year={2001},
  publisher={Oxford University Press}
}

@article{stevens2022estimating,
  title={{Estimating key population size, HIV prevalence, and ART coverage for sub-Saharan Africa at the national level}},
  author={Stevens, Oliver and Sabin, Keith and Arias Garcia, Sonia and Willis, Kalai and Abdul-Quader, Abu and McIntyre, Anne and Cowan, Frances and Degenhardt, Louisa and Zhou, Jinkou and Sathane, Isabel and Boothe, Makini and Platt, Lucy and Rice, Brian and Hladik, Wolfgang and Baral, Stefan and Mahy, Mary and Eaton, Jeffrey W.},
  year={2022}
}

@article{johnson2020thembisa,
  title={{Thembisa version 4.3: A model for evaluating the impact of HIV/AIDS in South Africa}},
  author={Johnson, L and Dorrington, RE},
  journal={View Article},
  year={2020}
}

@article{nguyen2022trends,
	author = {Nguyen, Van KÃ­nh and Eaton, Jeffrey W.},
	date = {2022/06/04},
	date-added = {2022-06-17 23:34:11 -0400},
	date-modified = {2022-06-17 23:34:11 -0400},
	doi = {10.1186/s12889-022-13451-y},
	id = {Nguyen2022},
	isbn = {1471-2458},
	journal = {BMC Public Health},
	number = {1},
	pages = {1120},
	title = {{Trends and country-level variation in age at first sex in sub-Saharan Africa among birth cohorts entering adulthood between 1985 and 2020}},
	url = {https://doi.org/10.1186/s12889-022-13451-y},
	volume = {22},
	year = {2022},
	bdsk-url-1 = {https://doi.org/10.1186/s12889-022-13451-y}
}

@book{mccullagh1989generalized,
  title={Generalized linear models},
  author={McCullagh, Peter and Nelder, John A},
  year={1989},
  publisher={Routledge}
}

@book{mcelreath2020statistical,
  title={Statistical rethinking: A Bayesian course with examples in R and Stan},
  author={McElreath, Richard},
  year={2020},
  publisher={CRC press}
}

@book{gelman2013bayesian,
  title={Bayesian data analysis},
  author={Gelman, Andrew and Carlin, John B and Stern, Hal S and Dunson, David B and Vehtari, Aki and Rubin, Donald B},
  year={2013},
  publisher={CRC press}
}

@book{cressie2015statistics,
  title={Statistics for spatio-temporal data},
  author={Cressie, Noel and Wikle, Christopher K},
  year={2015},
  publisher={John Wiley \& Sons}
}

@misc{unaids2022global,
  title={In Danger: UNAIDS Global AIDS Update 2022},
  author={{UNAIDS}},
  year={2022},
  howpublished={\url{https://www.unaids.org/en/resources/documents/2022/in-danger-global-aids-update}},
  note={Accessed: June 2023}
}

@misc{unaids2023global,
  title={The path that ends AIDS: UNAIDS Global AIDS Update 2023},
  author={{UNAIDS}},
  year={2023},
  howpublished={\url{https://www.unaids.org/en/resources/documents/2023/global-aids-update-2023}},
  note={Accessed: August 2023}
}

@Manual{multiutils,
  title = {multi.utils: Utility functions for multi-agyw},
  author = {Adam Howes},
  year = {2023},
  note = {R package version 0.1.0},
}

@article{sorbye2014scaling,
  title={{Scaling intrinsic Gaussian Markov random field priors in spatial modelling}},
  author={S{\o}rbye, Sigrunn Holbek and Rue, H{\aa}vard},
  journal={Spatial Statistics},
  volume={8},
  pages={39--51},
  year={2014},
  publisher={Elsevier}
}

@article{freni2018note,
  title={A note on intrinsic conditional autoregressive models for disconnected graphs},
  author={Freni-Sterrantino, Anna and Ventrucci, Massimo and Rue, H{\aa}vard},
  journal={Spatial and spatio-temporal epidemiology},
  volume={26},
  pages={25--34},
  year={2018},
  publisher={Elsevier}
}


@article{sorbye2017penalised,
  title={Penalised complexity priors for stationary autoregressive processes},
  author={S{\o}rbye, Sigrunn Holbek and Rue, H{\aa}vard},
  journal={Journal of Time Series Analysis},
  volume={38},
  number={6},
  pages={923--935},
  year={2017},
  publisher={Wiley Online Library}
}

@misc{unaids2021update,
  title={{2021 UNAIDS Global AIDS Update - Confronting Inequalities - Lessons for pandemic responses from 40 Years of AIDS}},
  author={{UNAIDS}},
  year={2021},
  publisher={Geneva, Switzerland},
  note={Accessed: June 2023}
}

@article{unaids2021global,
  title={Global AIDS strategy 2021--2026. End inequalities. End AIDS},
  author={UNAIDS},
  publisher={Geneva, Switzerland},
  year={2021},
  note={Accessed: June 2023}
}

@article{saul2018dreams,
  title={{The DREAMS core package of interventions: a comprehensive approach to preventing HIV among adolescent girls and young women}},
  author={Saul, Janet and Bachman, Gretchen and Allen, Shannon and Toiv, Nora F and Cooney, Caroline and Beamon, Taâ€™Adhmeeka},
  journal={PLoS One},
  volume={13},
  number={12},
  pages={e0208167},
  year={2018},
  publisher={Public Library of Science San Francisco, CA USA}
}

@Manual{global2018measurement,
 title = {{The Global Fund Measurement Framework for Adolescent Girls and Young Women Programs}},
 author = {{The Global Fund}},
 year = {2018},
 note = {Accessed 30/08/2021},
 url = {https://www.theglobalfund.org/media/8076/me_adolescentsgirlsandyoungwomenprograms_frameworkmeasurement_en.pdf},
}

@misc{measure2012sampling,
  title={{Sampling and Household Listing Manual: Demographic and Health Surveys Methodology}},
  author={{DHS}},
  year={2012}
}

@book{kish1965survey,
  title={Survey sampling},
  author={Kish, Leslie},
  number={04; HN29, K5.},
  year={1965}
}

@article{JSSv009i08,
   author = {Thomas Lumley},
   title = {Analysis of Complex Survey Samples},
   journal = {Journal of Statistical Software, Articles},
   volume = {9},
   number = {8},
   year = {2004},
   keywords = {},
   abstract = {I present software for analysing complex survey samples in R. The sampling scheme can be explicitly described or represented by replication weights. Variance estimation uses either replication or linearisation.},
   issn = {1548-7660},
   pages = {1--19},
   doi = {10.18637/jss.v009.i08},
   url = {https://www.jstatsoft.org/v009/i08}
}

@article{hodgins2022population,
  title={Population sizes, HIV prevalence, and HIV prevention among men who paid for sex in sub-Saharan Africa (2000--2020): A meta-analysis of 87 population-based surveys},
  author={Hodgins, Caroline and Stannah, James and Kuchukhidze, Salome and Zembe, Lycias and Eaton, Jeffrey W and Boily, Marie-Claude and Maheu-Giroux, Mathieu},
  journal={PLoS Medicine},
  volume={19},
  number={1},
  pages={e1003861},
  year={2022},
  publisher={Public Library of Science San Francisco, CA USA}
}

@article{wood2020simplified,
  title={{Simplified integrated nested Laplace approximation}},
  author={Wood, Simon N},
  journal={Biometrika},
  volume={107},
  number={1},
  pages={223--230},
  year={2020},
  publisher={Oxford University Press}
}

@article{stover2021impact,
  title={The impact of condom use on the HIV epidemic},
  author={Stover, John and Teng, Yu},
  journal={Gates Open Research},
  volume={5},
  year={2021},
  publisher={Gates Foundation-Open Access}
}

@article{gelman2017prior,
  title={The prior can often only be understood in the context of the likelihood},
  author={Gelman, Andrew and Simpson, Daniel and Betancourt, Michael},
  journal={Entropy},
  volume={19},
  number={10},
  pages={555},
  year={2017},
  publisher={MDPI}
}

@article{brugh2021characterizing,
  title={Characterizing and mapping the spatial variability of HIV risk among adolescent girls and young women: A cross-county analysis of population-based surveys in Eswatini, Haiti, and Mozambique},
  author={Brugh, Kristen N and Lewis, Quinn and Haddad, Cameron and Kumaresan, Jon and Essam, Timothy and Li, Michelle S},
  journal={PLoS One},
  volume={16},
  number={12},
  pages={e0261520},
  year={2021},
  publisher={Public Library of Science San Francisco, CA USA}
}

@article{baral2012burden,
  title={{Burden of HIV among female sex workers in low-income and middle-income countries: a systematic review and meta-analysis}},
  author={Baral, Stefan and Beyrer, Chris and Muessig, Kathryn and Poteat, Tonia and Wirtz, Andrea L and Decker, Michele R and Sherman, Susan G and Kerrigan, Deanna},
  journal={{The Lancet Infectious Diseases}},
  volume={12},
  number={7},
  pages={538--549},
  year={2012},
  publisher={Elsevier}
}

@misc{unicef,
 title={{Adolescent \& social norms situation in Mozambique}},
 author={{UNICEF}},
 url={https://www.unicef.org/mozambique/en/adolescent-social-norms},
 note = {Accessed 25/03/2022},
 year={2019}
}

@article{jia2022risk,
  title={{Risk scores for predicting HIV incidence among adult heterosexual populations in sub-Saharan Africa: a systematic review and meta-analysis}},
  author={Jia, Katherine M and Eilerts, Hallie and Edun, Olanrewaju and Lam, Kevin and Howes, Adam and Thomas, Matthew L and Eaton, Jeffrey W},
  journal={Journal of the International AIDS Society},
  volume={25},
  number={1},
  pages={e25861},
  year={2022},
  publisher={Wiley Online Library}
}

@article{leppik1985double,
  title={A double-blind crossover evaluation of progabide in partial seizures},
  author={Leppik, IE and Dreifuss, FE and Bowman-Cloyd, T and Santilli, N and Jacobs, M and Crosby, C and Cloyd, J and Stockman, J and Graves, N and Sutula, T and others},
  journal={Neurology},
  volume={35},
  number={4},
  pages={285},
  year={1985}
}

@article{thall1990some,
  title={Some covariance models for longitudinal count data with overdispersion},
  author={Thall, Peter F and Vail, Stephen C},
  journal={Biometrics},
  pages={657--671},
  year={1990},
  publisher={JSTOR}
}

@article{breslow1993approximate,
  title={Approximate inference in generalized linear mixed models},
  author={Breslow, Norman E and Clayton, David G},
  journal={Journal of the American statistical Association},
  volume={88},
  number={421},
  pages={9--25},
  year={1993},
  publisher={Taylor \& Francis}
}

@article{spiegelhalter1996bugs,
  title={BUGS 0.5 Examples},
  author={Spiegelhalter, David and Thomas, Andrew and Best, Nicky and Gilks, Wally},
  journal={MRC Biostatistics Unit, Institute of Public health, Cambridge, UK},
  volume={256},
  year={1996}
}

@article{martino2019integrated,
  title={Integrated nested Laplace approximations (INLA)},
  author={Martino, Sara and Riebler, Andrea},
  journal={arXiv preprint arXiv:1907.01248},
  year={2019}
}

@inproceedings{skaug2009approximate,
  author = {Skaug, Hans J.},
  title = {{Discussion of "Approximate Bayesian inference for latent Gaussian models by using integrated nested Laplace approximations"}},
  journal={Journal of the Royal Statistical Society: Series B (Statistical Methodology)},
  volume = {71},
  number = {2},
  pages={319--392},
  year={2009},
  publisher={Wiley Online Library}
}

@article{gelman2005analysis,
  title={Analysis of varianceâ€”why it is more important than ever},
  author={Gelman, Andrew},
  year={2005}
}

@article{baker1994multinomial,
  title={{The multinomial-Poisson transformation}},
  author={Baker, Stuart G},
  journal={Journal of the Royal Statistical Society: Series D (The Statistician)},
  volume={43},
  number={4},
  pages={495--504},
  year={1994},
  publisher={Wiley Online Library}
}

@article{paciorek2013spatial,
  title={Spatial models for point and areal data using Markov random fields on a fine grid},
  author={Paciorek, Christopher J and others},
  journal={Electronic Journal of Statistics},
  volume={7},
  pages={946--972},
  year={2013},
  publisher={The Institute of Mathematical Statistics and the Bernoulli Society}
}

@article{meng2018statistical,
  title={Statistical paradises and paradoxes in big data (i) law of large populations, big data paradox, and the 2016 us presidential election},
  author={Meng, Xiao-Li},
  journal={The Annals of Applied Statistics},
  volume={12},
  number={2},
  pages={685--726},
  year={2018},
  publisher={JSTOR}
}

@article{chen2014use,
  title={The use of sampling weights in Bayesian hierarchical models for small area estimation},
  author={Chen, Cici and Wakefield, Jon and Lumely, Thomas},
  journal={Spatial and spatio-temporal epidemiology},
  volume={11},
  pages={33--43},
  year={2014},
  publisher={Elsevier}
}

@article{cohen2011prevention,
  title={Prevention of HIV-1 infection with early antiretroviral therapy},
  author={Cohen, Myron S and Chen, Ying Q and McCauley, Marybeth and Gamble, Theresa and Hosseinipour, Mina C and Kumarasamy, Nagalingeswaran and Hakim, James G and Kumwenda, Johnstone and Grinsztejn, Beatriz and Pilotto, Jose HS and others},
  journal={New England journal of medicine},
  volume={365},
  number={6},
  pages={493--505},
  year={2011},
  publisher={Mass Medical Soc}
}

@article{auvert2005randomized,
  title={{Randomized, controlled intervention trial of male circumcision for reduction of HIV infection risk: the ANRS 1265 Trial}},
  author={Auvert, Bertran and Taljaard, Dirk and Lagarde, Emmanuel and Sobngwi-Tambekou, Joelle and Sitta, R{\'e}mi and Puren, Adrian},
  journal={PLoS medicine},
  volume={2},
  number={11},
  pages={e298},
  year={2005},
  publisher={Public Library of Science San Francisco, USA}
}

@article{bailey2007male,
  title={Male circumcision for HIV prevention in young men in Kisumu, Kenya: a randomised controlled trial},
  author={Bailey, Robert C and Moses, Stephen and Parker, Corette B and Agot, Kawango and Maclean, Ian and Krieger, John N and Williams, Carolyn FM and Campbell, Richard T and Ndinya-Achola, Jeckoniah O},
  journal={The Lancet},
  volume={369},
  number={9562},
  pages={643--656},
  year={2007},
  publisher={Elsevier}
}

@article{gray2007male,
  title={{Male circumcision for HIV prevention in men in Rakai, Uganda: a randomised trial}},
  author={Gray, Ronald H and Kigozi, Godfrey and Serwadda, David and Makumbi, Frederick and Watya, Stephen and Nalugoda, Fred and Kiwanuka, Noah and Moulton, Lawrence H and Chaudhary, Mohammad A and Chen, Michael Z and others},
  journal={The Lancet},
  volume={369},
  number={9562},
  pages={657--666},
  year={2007},
  publisher={Elsevier}
}

@misc{phia,
 title={{Population-based HIV impact assessment: guiding the global HIV response}},
 author={{PHIA project}},
 url={https://phia.icap.columbia.edu},
 note = {Accessed 17/05/2022}
}

@misc{ais,
 title={{AIDS Indicators Survey (AIS)}},
 author={{DHS Program}},
 url={https://dhsprogram.com/Methodology/Survey-Types/AIS.cfm},
 note = {Accessed 17/05/2022}
}

@article{botswana2013botswana,
  title={Botswana AIDS Impact Survey IV Statistical Report},
  author={Botswana, Statistics},
  journal={Government Printer, Gaborone, Republic of Botswana},
  year={2013}
}

@article{dawid1984present,
  title={Present position and potential developments: Some personal views statistical theory the prequential approach},
  author={Dawid, A Philip},
  journal={Journal of the Royal Statistical Society: Series A (General)},
  volume={147},
  number={2},
  pages={278--290},
  year={1984},
  publisher={Wiley Online Library}
}

@misc{bosse2022scoringutils,
  doi = {10.48550/ARXIV.2205.07090},

  url = {https://arxiv.org/abs/2205.07090},

  author = {Bosse, Nikos I. and Gruson, Hugo and Cori, Anne and van Leeuwen, Edwin and Funk, Sebastian and Abbott, Sam},

  keywords = {Methodology (stat.ME), Applications (stat.AP), Computation (stat.CO), FOS: Computer and information sciences, FOS: Computer and information sciences},

  title = {Evaluating Forecasts with scoringutils in R},

  publisher = {arXiv},

  year = {2022},

  copyright = {Creative Commons Attribution 4.0 International}
}

@article{cleland2004monitoring,
  title={Monitoring sexual behaviour in general populations: a synthesis of lessons of the past decade},
  author={Cleland, John and Boerma, J Ties and Cara{\"e}l, Michel and Weir, Sharon S},
  journal={Sexually Transmitted Infections},
  volume={80},
  number={suppl 2},
  pages={ii1--ii7},
  year={2004},
  publisher={The Medical Society for the Study of Venereal Disease}
}

@article{nnko2004secretive,
  title={{Secretive females or swaggering males?: An assessment of the quality of sexual partnership reporting in rural Tanzania}},
  author={Nnko, Soori and Boerma, J Ties and Urassa, Mark and Mwaluko, Gabriel and Zaba, Basia},
  journal={{Social Science \& Medicine}},
  volume={59},
  number={2},
  pages={299--310},
  year={2004},
  publisher={Elsevier}
}

@article{zaba2004age,
  title={Age at first sex: understanding recent trends in African demographic surveys},
  author={Zaba, Basia and Pisani, Elizabeth and Slaymaker, Emma and Boerma, J Ties},
  journal={Sexually transmitted infections},
  volume={80},
  number={suppl 2},
  pages={ii28--ii35},
  year={2004},
  publisher={The Medical Society for the Study of Venereal Disease}
}

@article{wringe2009comparative,
  title={Comparative assessment of the quality of age-at-event reporting in three HIV cohort studies in sub-Saharan Africa},
  author={Wringe, A and Cremin, I and Todd, J and McGrath, N and Kasamba, I and Herbst, K and Mushore, P and {\.Z}aba, B and Slaymaker, E},
  journal={Sexually transmitted infections},
  volume={85},
  number={Suppl 1},
  pages={i56--i63},
  year={2009},
  publisher={The Medical Society for the Study of Venereal Disease}
}

@article{glynn2011assessing,
  title={{Assessing the validity of sexual behaviour reports in a whole population survey in rural Malawi}},
  author={Glynn, Judith R and Kayuni, Ndoliwe and Banda, Emmanuel and Parrott, Fiona and Floyd, Sian and Francis-Chizororo, Monica and Nkhata, Misheck and Tanton, Clare and Hemmings, Joanne and Molesworth, Anna and others},
  journal={{PLoS One}},
  volume={6},
  number={7},
  pages={e22840},
  year={2011},
  publisher={Public Library of Science San Francisco, USA}
}

@article{helleringer2011reliability,
  title={The reliability of sexual partnership histories: implications for the measurement of partnership concurrency during surveys},
  author={Helleringer, St{\'e}phane and Kohler, Hans-Peter and Kalilani-Phiri, Linda and Mkandawire, James and Armbruster, Benjamin},
  journal={AIDS (London, England)},
  volume={25},
  number={4},
  pages={503},
  year={2011},
  publisher={NIH Public Access}
}

@misc{ihme2019,
 author = {{Global Burden of Disease Collaborative Network}},
 city = {Seattle},
 country = {USA},
 publisher = {{Institute for Health Metrics and Evaluation (IHME)}},
 title = {Global Burden of Disease Study 2019 (GBD 2019) Results. },
 url = {https://vizhub.healthdata.org/gbd-results/},
 year = {2019}
}

@article{risher2021age,
  title={Age patterns of HIV incidence in eastern and southern Africa: a modelling analysis of observational population-based cohort studies},
  author={Risher, Kathryn A and Cori, Anne and Reniers, Georges and Marston, Milly and Calvert, Clara and Crampin, Amelia and Dadirai, Tawanda and Dube, Albert and Gregson, Simon and Herbst, Kobus and others},
  journal={The Lancet HIV},
  volume={8},
  number={7},
  pages={e429--e439},
  year={2021},
  publisher={Elsevier}
}

@article{monod2023growing,
  title={Growing gender disparity in HIV infection in Africa: sources and policy implications},
  author={Monod, M{\'e}lodie and Brizzi, Andrea and Galiwango, Ronald M and Ssekubugu, Robert and Chen, Yu and Xi, Xiaoyue and Kankaka, Edward Nelson and Ssempijja, Victor and D{\"o}rner, Lucie Abeler and Akullian, Adam and others},
  journal={medRxiv},
  pages={2023--03},
  year={2023},
  publisher={Cold Spring Harbor Laboratory Press}
}

@article{khoury2016precision,
  title={Precision public health for the era of precision medicine},
  author={Khoury, Muin J and Iademarco, Michael F and Riley, William T},
  journal={American journal of preventive medicine},
  volume={50},
  number={3},
  pages={398--401},
  year={2016},
  publisher={Elsevier}
}

@article{fisher1936design,
  title={Design of experiments},
  author={Fisher, Ronald Aylmer},
  journal={British Medical Journal},
  volume={1},
  number={3923},
  pages={554},
  year={1936},
  publisher={BMJ Publishing Group}
}

@article{tobler1970computer,
  title={A computer movie simulating urban growth in the Detroit region},
  author={Tobler, Waldo R},
  journal={Economic geography},
  volume={46},
  number={sup1},
  pages={234--240},
  year={1970},
  publisher={Taylor \& Francis}
}

@book{davis1975methods,
  title={Methods of numerical integration},
  author={Davis, Philip J and Rabinowitz, Philip},
  year={1975},
  publisher={Academic Press}
}

@article{bilodeau2022stochastic,
  title={Stochastic convergence rates and applications of adaptive quadrature in Bayesian inference},
  author={Bilodeau, Blair and Stringer, Alex and Tang, Yanbo},
  journal={Journal of the American Statistical Association},
  pages={1--11},
  year={2022},
  publisher={Taylor \& Francis}
}

@article{ord2013moral,
  title={The moral imperative toward cost-effectiveness in global health},
  author={Ord, Toby},
  journal={Center for Global Development},
  volume={12},
  year={2013}
}

@article{laplace1774memoire,
  author={Laplace, P. S.},
  title={Memoire sur la probabilite de causes par les evenements},
  journal={Memoire de l'Academie Royale des Sciences},
  year={1774},
}

@techreport{world2016framework,
  title={A framework for voluntary medical male circumcision: effective HIV prevention and a gateway to improved adolescent boys'\& men's health in Eastern and Southern Africa by 2021},
  author={{World Health Organization}},
  year={2016},
  institution={World Health Organization}
}

@misc{pepfar2022,
  title = {{Latest Global Program Results}},
  author = {{U.S. Department of State}},
  howpublished = {\url{https://www.state.gov/wp-content/uploads/2022/11/PEPFAR-Latest-Global-Results_December-2022.pdf}},
  year = {2022},
  note = {Accessed: 10/08/2023},
}

@article{siegfried2011antiretrovirals,
  title={Antiretrovirals for reducing the risk of mother-to-child transmission of HIV infection},
  author={Siegfried, Nandi and van der Merwe, Lize and Brocklehurst, Peter and Sint, Tin Tin},
  journal={Cochrane database of systematic reviews},
  number={7},
  year={2011},
  publisher={John Wiley \& Sons, Ltd}
}

@misc{robert2005monte,
  title={Monte Carlo Statistical Methods (Springer Texts in Statistics)},
  author={Robert, Christian P and Casella, George},
  year={2005},
  publisher={Springer}
}

@article{openshow1979million,
  title={A million or so correlation coefficients, three experiments on the modifiable areal unit problem},
  author={Openshaw, S and Taylor, P.J. },
  journal={Statistical Applications in the Spatial Science},
  pages={127--144},
  year={1979},
  publisher={Pion}
}

@inbook{wakefield2010aggregation,
author = {Wakefield, Jonathan and Lyons, Hilary},
year = {2010},
month = {03},
pages = {541-558},
title = {Spatial Aggregation and the Ecological Fallacy},
volume = {2010},
journal = {Chapman & Hall/CRC Handbooks of Modern Statistical Methods},
doi = {10.1201/9781420072884-c30}
}

@article{hajek1971discussion,
  title={Discussion of â€˜An essay on the logical foundations of survey sampling, part Iâ€™},
  author={H{\'a}jek, Jaroslav},
  journal={Foundations of Statistical Inference (Proc. Sympos., Univ. Waterloo, Ontario, 1970)},
  pages={236},
  year={1971},
  publisher={Holt, Rinehart and Winston, p. 236, Toronto}
}

@inproceedings{bradley2023alsd,
  title = {Active Learning sampling design (A-LSD): a new adaptive survey design paradigm to improve representativeness for subpopulations},
  author = {Bradley, Valerie and Semenova, Elizaveta and Howes, Adam and Zhang, Mengyan and Eaton, Jeffrey and Sejdinovic, Dino and Flaxman, Seth},
  booktitle = {Proceedings of the 9th International Conference on Infectious Disease Dynamics},
  year = {2023}
}

@article{economist2023triple,
  title = {A triple dividend: the health, social and economic gains from financing the HIV response in Africa},
  author = {{Economist Impact}},
  year = {2023},
}

@article{tatem2017worldpop,
  title={WorldPop, open data for spatial demography},
  author={Tatem, Andrew J},
  journal={Scientific data},
  volume={4},
  number={1},
  pages={1--4},
  year={2017},
  publisher={Nature Publishing Group}
}

@article{world2017consolidated,
  title={Consolidated guidelines on person-centred HIV patient monitoring and case surveillance},
  author={{World Health Organization}},
  year={2017},
  publisher={World Health Organization}
}

@article{world2005guidelines,
  title={Guidelines for measuring national HIV prevalence in population-based surveys},
  author={{World Health Organization}},
  year={2005},
  publisher={World Health Organization}
}

@article{gelman2007struggles,
  title={Struggles with survey weighting and regression modeling},
  author={Gelman, Andrew},
  year={2007}
}

@article{hoffman2014no,
  title={The No-U-Turn sampler: adaptively setting path lengths in Hamiltonian Monte Carlo.},
  author={Hoffman, Matthew D and Gelman, Andrew and others},
  journal={J. Mach. Learn. Res.},
  volume={15},
  number={1},
  pages={1593--1623},
  year={2014}
}

@article{carpenter2017stan,
  title={{Stan: A probabilistic programming language}},
  author={Carpenter, Bob and Gelman, Andrew and Hoffman, Matthew D and Lee, Daniel and Goodrich, Ben and Betancourt, Michael and Brubaker, Marcus and Guo, Jiqiang and Li, Peter and Riddell, Allen},
  journal={Journal of Statistical Software},
  volume={76},
  number={1},
  year={2017},
  publisher={Columbia Univ., New York, NY (United States); Harvard Univ., Cambridge, MA~â€¦}
}

@inproceedings{yao2018yes,
  title={Yes, but did it work?: Evaluating variational inference},
  author={Yao, Yuling and Vehtari, Aki and Simpson, Daniel and Gelman, Andrew},
  booktitle={International Conference on Machine Learning},
  pages={5581--5590},
  year={2018},
  organization={PMLR}
}

@article{duane1987hybrid,
  title={{Hybrid Monte Carlo}},
  author={Duane, Simon and Kennedy, Anthony D and Pendleton, Brian J and Roweth, Duncan},
  journal={Physics letters B},
  volume={195},
  number={2},
  pages={216--222},
  year={1987},
  publisher={Elsevier}
}

@article{neal2011mcmc,
  title={{MCMC using Hamiltonian dynamics}},
  author={Neal, Radford M and others},
  journal={Handbook of Markov chain Monte Carlo},
  volume={2},
  number={11},
  pages={2},
  year={2011},
  publisher={Chapman and Hall/CRC}
}

@article{gottlieb1981pneumocystis,
  title={Pneumocystis pneumoniaâ€”Los Angeles},
  author={Gottlieb, Michael S and Schanker, Howard M and Fan, Peng Thim and Saxon, Andrew and Weisman, Joel D and Pozalski, Irving and others},
  journal={Mmwr},
  volume={30},
  number={21},
  pages={1--3},
  year={1981}
}

@article{barre1983isolation,
  title={Isolation of a T-lymphotropic retrovirus from a patient at risk for acquired immune deficiency syndrome (AIDS)},
  author={Barr{\'e}-Sinoussi, Fran{\c{c}}oise and Chermann, Jean-Claude and Rey, Fran and Nugeyre, Marie Therese and Chamaret, Sophie and Gruest, Jacqueline and Dauguet, Charles and Axler-Blin, Charles and V{\'e}zinet-Brun, Fran{\c{c}}oise and Rouzioux, Christine and others},
  journal={Science},
  volume={220},
  number={4599},
  pages={868--871},
  year={1983},
  publisher={American Association for the Advancement of Science}
}

@misc{unaids2023aidsinfo,
  title = {{AIDSinfo: Global data on HIV epidemiology and response}},
  author={{UNAIDS}},
  year={2023},
  howpublished = {\url{https://aidsinfo.unaids.org/}},
  note={Accessed: August 2023}
}

@article{stevens2022key,
  title={Key population size, HIV prevalence, and ART coverage in sub-Saharan Africa: systematic collation and synthesis of survey data},
  author={Stevens, Oliver and Sabin, Keith and Garcia, Sonia Arias and Anderson, Rebecca and Willis, Kalai and Abdul-Quader, Abu and McIntyre, Anne and Fearon, Elizabeth and Grard, Emilie and Stewart-Brown, Alice and others},
  journal={medRxiv},
  pages={2022--07},
  year={2022},
  publisher={Cold Spring Harbor Laboratory Press}
}

@misc{measure2012sampling,
  title={{Sampling and Household Listing Manual: Demographic and Health Surveys Methodology}},
  author={{DHS}},
  year={2012}
}

@article{dean2001detecting,
  title={Detecting interaction between random region and fixed age effects in disease mapping},
  author={Dean, CB and Ugarte, MD and Militino, AF},
  journal={Biometrics},
  volume={57},
  number={1},
  pages={197--202},
  year={2001},
  publisher={Wiley Online Library}
}

@article{rue2020comment,
 author = {Rue, H{\aa}vard},
 title = {Comment on R-INLA Discussion Group thread},
 howpublished = {\url{https://groups.google.com/g/r-inla-discussion-group/c/l2fSYlbbJJM/m/8vUCjrO_BAAJ}},
 year = {2020}
}

@incollection{leroux2000estimation,
  title={Estimation of disease rates in small areas: a new mixed model for spatial dependence},
  author={Leroux, Brian G and Lei, Xingye and Breslow, Norman},
  booktitle={Statistical Models in Epidemiology, the Environment, and Clinical Trials},
  pages={179--191},
  year={2000},
  publisher={Springer}
}

@article{slaymaker2020croi,
  title={{Risk factors for new HIV infections in the general population in sub-Saharan Africa}},
  author={Slaymaker, Emma and Risher, Kathryn A. and Abdul, Ramadhani and Marston, Milly and Tomlin, Keith and Newton, Robert and Ndyanabo, Anthony and McLean, Estelle and Dadirai, Tawanda and Kwaro, Daniel and Baisley, Kathy and Kishamawe, Coleman},
  year={2020}
}

@article{pettit1990conditional,
  title={The conditional predictive ordinate for the normal distribution},
  author={Pettit, LI},
  journal={Journal of the Royal Statistical Society: Series B (Methodological)},
  volume={52},
  number={1},
  pages={175--184},
  year={1990},
  publisher={Wiley Online Library}
}

@article{watanabe2013widely,
  title={{A widely applicable Bayesian information criterion}},
  author={Watanabe, Sumio},
  journal={Journal of Machine Learning Research},
  volume={14},
  number={Mar},
  pages={867--897},
  year={2013}
}

@article{sailynoja2021graphical,
  title={Graphical Test for Discrete Uniformity and its Applications in Goodness of Fit Evaluation and Multiple Sample Comparison},
  author={S{\"a}ilynoja, Teemu and B{\"u}rkner, Paul-Christian and Vehtari, Aki},
  journal={arXiv preprint arXiv:2103.10522},
  year={2021}
}

@article{blei2017variational,
  title={Variational inference: A review for statisticians},
  author={Blei, David M and Kucukelbir, Alp and McAuliffe, Jon D},
  journal={Journal of the American statistical Association},
  volume={112},
  number={518},
  pages={859--877},
  year={2017},
  publisher={Taylor \& Francis}
}

@article{roberts2004general,
  title={General state space Markov chains and MCMC algorithms},
  author={Roberts, Gareth O and Rosenthal, Jeffrey S},
  year={2004}
}

@article{giordano2018covariances,
  author  = {Ryan Giordano and Tamara Broderick and Michael I. Jordan},
  title   = {Covariances, Robustness, and Variational Bayes},
  journal = {Journal of Machine Learning Research},
  year    = {2018},
  volume  = {19},
  number  = {51},
  pages   = {1--49},
  url     = {http://jmlr.org/papers/v19/17-670.html}
}

@inproceedings{minka2001expectation,
  title={{Expectation Propagation for approximate Bayesian inference}},
  author={Minka, Thomas P},
  booktitle={Proceedings of the 17th Conference in Uncertainty in Artificial Intelligence},
  pages={362--369},
  year={2001}
}


@article{dempster1977maximum,
  title={Maximum likelihood from incomplete data via the EM algorithm},
  journal={Journal of the royal statistical society: series B (methodological)},
  volume={39},
  number={1},
  pages={1--22},
  year={1977},
  publisher={Wiley Online Library}
}

@Manual{r,
  title        = {R: A Language and Environment for Statistical
                  Computing},
  author       = {{R Core Team}},
  organization = {R Foundation for Statistical Computing},
  address      = {Vienna, Austria},
  year         = 2022,
  url          = {https://www.R-project.org}
}

@article{broyles2023risk,
  title={The risk of sexual transmission of HIV in individuals with low-level HIV viraemia: a systematic review},
  author={Broyles, Laura N and Luo, Robert and Boeras, Debi and Vojnov, Lara},
  journal={The Lancet},
  year={2023},
  publisher={Elsevier}
}

@article{tanser2014concentrated,
  title={Concentrated HIV sub-epidemics in generalized epidemic settings},
  author={Tanser, Frank and de Oliveira, Tulio and Maheu-Giroux, Mathieu and B{\"a}rnighausen, Till},
  journal={Current Opinion in HIV and AIDS},
  volume={9},
  number={2},
  pages={115},
  year={2014},
  publisher={NIH Public Access}
}

@book{bernardo2001bayesian,
  title={Bayesian theory},
  author={Bernardo, Jos{\'e} M and Smith, Adrian FM},
  year={2001},
  publisher={John Wiley \& Sons}
}

@article{dempster1977maximum,
  title={Maximum likelihood from incomplete data via the EM algorithm},
  author={Dempster, Arthur P and Laird, Nan M and Rubin, Donald B},
  journal={Journal of the royal statistical society: series B (methodological)},
  volume={39},
  number={1},
  pages={1--22},
  year={1977},
  publisher={Wiley Online Library}
}

@article{jackel2005note,
  title={A note on multivariate Gauss-Hermite quadrature},
  author={J{\"a}ckel, Peter},
  journal={London: ABN-Amro. Re},
  year={2005}
}

@article{metropolis1953equation,
  title={Equation of state calculations by fast computing machines},
  author={Metropolis, Nicholas and Rosenbluth, Arianna W and Rosenbluth, Marshall N and Teller, Augusta H and Teller, Edward},
  journal={The journal of chemical physics},
  volume={21},
  number={6},
  pages={1087--1092},
  year={1953},
  publisher={AIP}
}

@article{hastings1970monte,
  title={Monte Carlo sampling methods using Markov chains and their applications},
  author={Hastings, W Keith},
  year={1970},
  publisher={Oxford University Press}
}

@article{shumway2017time,
  title={Time Series Analysis and Its Applications With R Examples},
  author={Shumway, Robert H and Stoffer, David S},
  publisher={Springer},
    year={2017}
}


@article{berger2006case,
  title={The case for objective Bayesian analysis},
  author={Berger, James},
  year={2006}
}

@article{martin2023computing,
  title={Computing Bayes: From then â€˜til now},
  author={Martin, Gael M and Frazier, David T and Robert, Christian P},
  journal={Statistical Science},
  volume={1},
  number={1},
  pages={1--17},
  year={2023},
  publisher={Institute of Mathematical Statistics}
}

@article{pfeffermann2013new,
  title={{New Important Developments in Small Area Estimation}},
  author={Pfeffermann, Danny and others},
  journal={Statistical Science},
  volume={28},
  number={1},
  pages={40--68},
  year={2013},
  publisher={Institute of Mathematical Statistics}
}

@article{knorr2000bayesian,
  title={Bayesian modelling of inseparable space-time variation in disease risk},
  author={Knorr-Held, Leonhard},
  journal={Statistics in medicine},
  volume={19},
  number={17-18},
  pages={2555--2567},
  year={2000},
  publisher={Wiley Online Library}
}

@article{porcu202130,
  title={30 Years of space--time covariance functions},
  author={Porcu, Emilio and Furrer, Reinhard and Nychka, Douglas},
  journal={Wiley Interdisciplinary Reviews: Computational Statistics},
  volume={13},
  number={2},
  pages={e1512},
  year={2021},
  publisher={Wiley Online Library}
}

@article{gelman2020bayesian,
  title={Bayesian workflow},
  author={Gelman, Andrew and Vehtari, Aki and Simpson, Daniel and Margossian, Charles C and Carpenter, Bob and Yao, Yuling and Kennedy, Lauren and Gabry, Jonah and B{\"u}rkner, Paul-Christian and Modr{\'a}k, Martin},
  journal={arXiv preprint arXiv:2011.01808},
  year={2020}
}

@book{chopin2020introduction,
  title={An introduction to sequential Monte Carlo},
  author={Chopin, Nicolas and Papaspiliopoulos, Omiros and others},
  volume={4},
  year={2020},
  publisher={Springer}
}

@book{bivand2008applied,
  title={Applied spatial data analysis with R},
  author={Bivand, Roger S and Pebesma, Edzer J and G{\'o}mez-Rubio, Virgilio and Pebesma, Edzer Jan},
  volume={747248717},
  year={2008},
  publisher={Springer}
}

@article{gelfand2001change,
  title={On the change of support problem for spatio-temporal data},
  author={Gelfand, Alan E and Zhu, Li and Carlin, Bradley P},
  journal={Biostatistics},
  volume={2},
  number={1},
  pages={31--45},
  year={2001},
  publisher={Oxford University Press}
}

@techreport{follestad2003modelling,
  title={Modelling spatial variation in disease risk using Gaussian Markov random field proxies for Gaussian random fields},
  author={Follestad, Turid and Rue, H{\aa}vard},
  year={2003},
  institution={SIS-2003-305}
}

@article{riebler2011kronecker,
  author     = {Andrea Riebler},
  title      = {Gaussian Kronecker product Markov random fields},
  year       = {2011}
}

@book{gomez2020bayesian,
  title={Bayesian inference with INLA},
  author={G{\'o}mez-Rubio, Virgilio},
  year={2020},
  publisher={CRC Press}
}

@article{amoah2020geostatistical,
  title={A geostatistical framework for combining spatially referenced disease prevalence data from multiple diagnostics},
  author={Amoah, Benjamin and Diggle, Peter J and Giorgi, Emanuele},
  journal={Biometrics},
  volume={76},
  number={1},
  pages={158--170},
  year={2020},
  publisher={Wiley Online Library}
}

@Manual{bridgestan,
  title = {bridgestan: BridgeStan, Accessing Stan Model Functions in R},
  author = {Brian Ward},
  year = {2023},
  note = {R package version 1.0.1},
}

@article{de2017programming,
  title={Programming with models: writing statistical algorithms for general model structures with NIMBLE},
  author={de Valpine, Perry and Turek, Daniel and Paciorek, Christopher J and Anderson-Bergman, Clifford and Lang, Duncan Temple and Bodik, Rastislav},
  journal={Journal of Computational and Graphical Statistics},
  volume={26},
  number={2},
  pages={403--413},
  year={2017},
  publisher={Taylor \& Francis}
}

@article{geman1984stochastic,
  title={Stochastic relaxation, Gibbs distributions, and the Bayesian restoration of images},
  author={Geman, Stuart and Geman, Donald},
  journal={IEEE Transactions on pattern analysis and machine intelligence},
  number={6},
  pages={721--741},
  year={1984},
  publisher={IEEE}
}

@article{margossian2020hamiltonian,
  title={Hamiltonian Monte Carlo using an adjoint-differentiated Laplace approximation: Bayesian inference for latent Gaussian models and beyond},
  author={Margossian, Charles and Vehtari, Aki and Simpson, Daniel and Agrawal, Raj},
  journal={Advances in Neural Information Processing Systems},
  volume={33},
  pages={9086--9097},
  year={2020}
}

@article{nandi2023disaggregation,
  title={{disaggregation: An R Package for Bayesian Spatial Disaggregation Modeling}},
  author={Nandi, Anita K and Lucas, Tim CD and Arambepola, Rohan and Gething, Peter and Weiss, Daniel J},
  journal={Journal of Statistical Software},
  volume={106},
  pages={1--19},
  year={2023}
}


@article{neal2003slice,
  title={Slice sampling},
  author={Neal, Radford M},
  journal={The Annals of Statistics},
  volume={31},
  number={3},
  pages={705--767},
  year={2003},
  publisher={Institute of Mathematical Statistics}
}

@article{shapley1953value,
  title={A value for n-person games},
  author={Shapley, Lloyd S and others},
  year={1953},
  publisher={Princeton University Press Princeton}
}

@article{stringer2022fast,
  title={Fast, scalable approximations to posterior distributions in extended latent Gaussian models},
  author={Stringer, Alex and Brown, Patrick and Stafford, Jamie},
  journal={Journal of Computational and Graphical Statistics},
  pages={1--15},
  year={2022},
  publisher={Taylor \& Francis}
}

@article{naylor1982applications,
  title={Applications of a method for the efficient computation of posterior distributions},
  author={Naylor, John C and Smith, Adrian FM},
  journal={Journal of the Royal Statistical Society Series C: Applied Statistics},
  volume={31},
  number={3},
  pages={214--225},
  year={1982},
  publisher={Oxford University Press}
}

@article{lindgren2011explicit,
  title={An explicit link between Gaussian fields and Gaussian Markov random fields: the stochastic partial differential equation approach},
  author={Lindgren, Finn and Rue, H{\aa}vard and Lindstr{\"o}m, Johan},
  journal={Journal of the Royal Statistical Society Series B: Statistical Methodology},
  volume={73},
  number={4},
  pages={423--498},
  year={2011},
  publisher={Oxford University Press}
}

@article{martino2009implementing,
  title={Implementing approximate Bayesian inference using Integrated Nested Laplace Approximation: A manual for the inla program},
  author={Martino, Sara and Rue, H{\aa}vard},
  journal={Department of Mathematical Sciences, NTNU, Norway},
  year={2009},
  publisher={Citeseer}
}

@techreport{rue2001gmrflib,
  title={GMRFLib: a C-library for fast and exact simulation of Gaussian Markov random fields},
  author={Rue, H{\aa}vard and Follestad, Turid},
  year={2001},
  institution={SIS-2002-236}
}

@article{bachl2019inlabru,
  title={inlabru: an R package for Bayesian spatial modelling from ecological survey data},
  author={Bachl, Fabian E and Lindgren, Finn and Borchers, David L and Illian, Janine B},
  journal={Methods in Ecology and Evolution},
  volume={10},
  number={6},
  pages={760--766},
  year={2019},
  publisher={Wiley Online Library}
}

@article{rue2017bayesian,
  title={Bayesian computing with INLA: a review},
  author={Rue, H{\aa}vard and Riebler, Andrea and S{\o}rbye, Sigrunn H and Illian, Janine B and Simpson, Daniel P and Lindgren, Finn K},
  journal={Annual Review of Statistics and Its Application},
  volume={4},
  pages={395--421},
  year={2017},
  publisher={Annual Reviews}
}

@Manual{weiser2016mvquad,
  title = {{mvQuad}: Methods for Multivariate Quadrature.},
  author = {Constantin Weiser},
  year = {2016},
  note = { (R package version 1.0-6)},
  url = {http://CRAN.R-project.org/package=mvQuad},
}

@article{rue2001fast,
  title={Fast sampling of Gaussian Markov random fields},
  author={Rue, H{\aa}vard},
  journal={Journal of the Royal Statistical Society: Series B (Statistical Methodology)},
  volume={63},
  number={2},
  pages={325--338},
  year={2001},
  publisher={Wiley Online Library}
}

@article{gaedke2023parallelized,
  title={Parallelized integrated nested Laplace approximations for fast Bayesian inference},
  author={Gaedke-Merzh{\"a}user, Lisa and van Niekerk, Janet and Schenk, Olaf and Rue, H{\aa}vard},
  journal={Statistics and Computing},
  volume={33},
  number={1},
  pages={25},
  year={2023},
  publisher={Springer}
}

@inproceedings{diaz2018openmp,
  title={Openmp 4.5 validation and verification suite for device offload},
  author={Diaz, Jose Monsalve and Pophale, Swaroop and Hernandez, Oscar and Bernholdt, David E and Chandrasekaran, Sunita},
  booktitle={Evolving OpenMP for Evolving Architectures: 14th International Workshop on OpenMP, IWOMP 2018, Barcelona, Spain, September 26--28, 2018, Proceedings 14},
  pages={82--95},
  year={2018},
  organization={Springer}
}

@article{bollhofer2020state,
  title={State-of-the-art sparse direct solvers},
  author={Bollh{\"o}fer, Matthias and Schenk, Olaf and Janalik, Radim and Hamm, Steve and Gullapalli, Kiran},
  journal={Parallel algorithms in computational science and engineering},
  pages={3--33},
  year={2020},
  publisher={Springer}
}

@book{wood2017generalized,
  title={Generalized additive models: an introduction with R},
  author={Wood, Simon N},
  year={2017},
  publisher={CRC press}
}

@article{hastie1987generalized,
  title={Generalized additive models: some applications},
  author={Hastie, Trevor and Tibshirani, Robert},
  journal={Journal of the American Statistical Association},
  volume={82},
  number={398},
  pages={371--386},
  year={1987},
  publisher={Taylor \& Francis}
}

@article{casella1985introduction,
  title={An introduction to empirical Bayes data analysis},
  author={Casella, George},
  journal={The American Statistician},
  volume={39},
  number={2},
  pages={83--87},
  year={1985},
  publisher={Taylor \& Francis}
}

@incollection{box1992experimental,
  title={On the experimental attainment of optimum conditions},
  author={Box, George EP and Wilson, Kenneth B},
  booktitle={Breakthroughs in statistics: methodology and distribution},
  pages={270--310},
  year={1992},
  publisher={Springer}
}

@misc{tmbdocumentation,
  title = {The comprehensive TMB documentation},
  author = {Kristensen, Kasper},
  year = {2021},
  howpublished = {\url{https://kaskr.github.io/adcomp/_book/Introduction.html}},
  note = {Accessed: June 2, 2023}
}

@misc{cppaddocumentation,
  title = {CppAD: a package for C++ algorithmic differentiation},
  author = {Bell, Bradley},
  year = {2023},
  howpublished = {\url{http://www.coin-or.org/CppAD}},
  note = {Accessed: September 25, 2023}
}

@article{brooks2017glmmtmb,
  title={glmmTMB balances speed and flexibility among packages for zero-inflated generalized linear mixed modeling},
  author={Brooks, Mollie E and Kristensen, Kasper and Van Benthem, Koen J and Magnusson, Arni and Berg, Casper W and Nielsen, Anders and Skaug, Hans J and Machler, Martin and Bolker, Benjamin M},
  journal={The R journal},
  volume={9},
  number={2},
  pages={378--400},
  year={2017},
  publisher={Technische Universitaet Wien}
}

@article{vstrumbelj2023past,
  title={Past, Present, and Future of Software for Bayesian Inference},
  author={{\v{S}}trumbelj, Erik and Bouchard-C{\^o}t{\'e}, Alexandre and Corander, Jukka and Gelman, Andrew and Rue, H{\aa}vard and Murray, Lawrence and Pesonen, Henri and Plummer, Martyn and Vehtari, Aki},
  year={2023}
}

@article{van2023new,
  title={A new avenue for Bayesian inference with INLA},
  author={Van Niekerk, Janet and Krainski, Elias and Rustand, Denis and Rue, H{\aa}vard},
  journal={Computational Statistics \& Data Analysis},
  volume={181},
  pages={107692},
  year={2023},
  publisher={Elsevier}
}

@book{press2007numerical,
  title={Numerical recipes 3rd edition: The art of scientific computing},
  author={Press, William H and Teukolsky Saul A and Vetterling, William T and Flannery, Brian P},
  year={2007},
  publisher={Cambridge university press}
}

@Article{lenth2009rsm,
  title = {Response-Surface Methods in {R}, Using {rsm}},
  author = {Russell Lenth},
  journal = {Journal of Statistical Software},
  year = {2009},
  volume = {32},
  number = {7},
  pages = {1--17},
  doi = {10.18637/jss.v032.i07},
}

@article{gelman1992inference,
  title={Inference from iterative simulation using multiple sequences},
  author={Gelman, Andrew and Rubin, Donald B},
  journal={Statistical science},
  pages={457--472},
  year={1992},
  publisher={JSTOR}
}

@article{vehtari2021rank,
  title={{Rank-normalization, folding, and localization: an improved R for assessing convergence of MCMC (with discussion)}},
  author={Vehtari, Aki and Gelman, Andrew and Simpson, Daniel and Carpenter, Bob and B{\"u}rkner, Paul-Christian},
  journal={Bayesian analysis},
  volume={16},
  number={2},
  pages={667--718},
  year={2021},
  publisher={International Society for Bayesian Analysis}
}

@Manual{nimblemanual,
  title = {{NIMBLE} User Manual},
  author = {Perry {de Valpine} and Christopher Paciorek and Daniel
    Turek and Nick Michaud and Cliff Anderson-Bergman and Fritz
    Obermeyer and Claudia {Wehrhahn Cortes} and Abel RodrÃ¬guez and
    Duncan {Temple Lang} and Sally Paganin},
  url = {https://r-nimble.org},
  year = {2023},
  version = {1.0.1},
  note = {{R} package manual version 1.0.1},
  doi = {10.5281/zenodo.1211190},
}

@Manual{cranlogs,
  title = {cranlogs: Download Logs from the 'RStudio' 'CRAN' Mirror},
  author = {GÃ¡bor CsÃ¡rdi},
  year = {2023},
  note = {https://github.com/r-hub/cranlogs, https://r-hub.github.io/cranlogs},
}

@article{esra2023improved,
  title={Improved indicators for subnational unmet antiretroviral therapy need in the health system: updates to the Naomi model in 2023},
  author={Esra, Rachel},
  year={2023}
}

@article{stover2019updates,
  title={Updates to the Spectrum/AIM model for estimating key HIV indicators at national and subnational levels},
  author={Stover, John and Glaubius, Robert and Mofenson, Lynne and Dugdale, Caitlin M and Davies, Mary-Ann and Patten, Gabriela and Yiannoutsos, Constantin},
  journal={AIDS (London, England)},
  volume={33},
  number={Suppl 3},
  pages={S227},
  year={2019},
  publisher={Wolters Kluwer Health}
}

@article{hamelijnck2019multi,
  title={Multi-resolution multi-task Gaussian processes},
  author={Hamelijnck, O and Damoulas, T and Wang, K and Girolami, MA},
  journal={Advances in Neural Information Processing Systems},
  volume={32},
  year={2019}
}

@article{kelsall2002modeling,
  title={Modeling spatial variation in disease risk: a geostatistical approach},
  author={Kelsall, Julia and Wakefield, Jonathan},
  journal={Journal of the American Statistical Association},
  volume={97},
  number={459},
  pages={692--701},
  year={2002},
  publisher={Taylor \& Francis}
}

@article{law2018variational,
  title={Variational learning on aggregate outputs with Gaussian processes},
  author={Law, Ho Chung and Sejdinovic, Dino and Cameron, Ewan and Lucas, Tim and Flaxman, Seth and Battle, Katherine and Fukumizu, Kenji},
  journal={Advances in Neural Information Processing Systems},
  volume={31},
  year={2018}
}

@inproceedings{tanaka2019spatially,
  title={{Spatially aggregated Gaussian processes with multivariate areal outputs}},
  author={Tanaka, Yusuke and Tanaka, Toshiyuki and Iwata, Tomoharu and Kurashima, Takeshi and Okawa, Maya and Akagi, Yasunori and Toda, Hiroyuki},
  booktitle={Advances in Neural Information Processing Systems},
  pages={3005--3015},
  year={2019}
}

@article{teh2021efficient,
  title={Efficient Bayesian Inference of Instantaneous Re-production Numbers at Fine Spatial Scales, with an Application to Mapping and Nowcasting the Covid-19 Epidemic in British Local Authorities},
  author={Teh, Yee Whye and Bhoopchand, Avishkar and Diggle, Peter and Elesedy, Bryn and He, Bobby and Hutchinson, Michael and Paquet, Ulrich and Read, Jonathan and Tomasev, Nenad and Zaidi, Sheheryar},
  journal={URL https://rss. org. uk/RSS/media/File-library/News/2021/WhyeBhoopchand. pdfhttps://localcovid. info/2},
  year={2021}
}

@article{utazi2019spatial,
  title={A spatial regression model for the disaggregation of areal unit based data to high-resolution grids with application to vaccination coverage mapping},
  author={Utazi, C Edson and Thorley, Julia and Alegana, VA and Ferrari, MJ and Nilsen, Kristine and Takahashi, Saki and Metcalf, CJE and Lessler, Justin and Tatem, AJ},
  journal={Statistical Methods in Medical Research},
  volume={28},
  number={10-11},
  pages={3226--3241},
  year={2019},
  publisher={SAGE Publications Sage UK: London, England}
}

@article{wakefield1999spatial,
  title={Spatial dependence and errors-in-variables in environmental epidemiology},
  author={Wakefield, J and Morris, S},
  journal={Bayesian statistics},
  volume={6},
  pages={657--684},
  year={1999},
  publisher={Clarendon Press Oxford}
}

@article{yousefi2019multi,
  title={Multi-task learning for aggregated data using Gaussian processes},
  author={Yousefi, Fariba and Smith, Michael T and Alvarez, Mauricio},
  journal={Advances in Neural Information Processing Systems},
  volume={32},
  year={2019}
}

@article{cramb2018investigation,
  title={Investigation of Bayesian spatial models},
  author={Cramb, SM and Duncan, EW and Baade, PD and Mengersen, KL},
  year={2018},
  publisher={Cancer Council Queensland and Queensland University of Technology (QUT)}
}

@book{haining2003spatial,
  title={Spatial data analysis: theory and practice},
  author={Haining, Robert P},
  year={2003},
  publisher={Cambridge university press}
}

@article{diggle2013spatial,
  title={Spatial and spatio-temporal log-Gaussian Cox processes: extending the geostatistical paradigm},
  author={Diggle, Peter J and Moraga, Paula and Rowlingson, Barry and Taylor, Benjamin M and others},
  journal={Statistical Science},
  volume={28},
  number={4},
  pages={542--563},
  year={2013},
  publisher={Institute of Mathematical Statistics}
}

@article{gossl2001bayesian,
  title={Bayesian spatiotemporal inference in functional magnetic resonance imaging},
  author={G{\"o}ssl, Christoff and Auer, Dorothee P and Fahrmeir, Ludwig},
  journal={Biometrics},
  volume={57},
  number={2},
  pages={554--562},
  year={2001},
  publisher={Wiley Online Library}
}

@article{dwyer2015drinking,
  title={{Drinking patterns in US counties from 2002 to 2012}},
  author={Dwyer-Lindgren, Laura and Flaxman, Abraham D and Ng, Marie and Hansen, Gillian M and Murray, Christopher JL and Mokdad, Ali H},
  journal={American Journal of Public Health},
  volume={105},
  number={6},
  pages={1120--1127},
  year={2015},
  publisher={American Public Health Association}
}

@article{schmid2006bayesian,
  title={Bayesian methods for pharmacokinetic models in dynamic contrast-enhanced magnetic resonance imaging},
  author={Schmid, Volker J and Whitcher, Brandon and Padhani, Anwar R and Taylor, N Jane and Yang, Guang-Zhong},
  journal={IEEE Transactions on Medical Imaging},
  volume={25},
  number={12},
  pages={1627--1636},
  year={2006},
  publisher={IEEE}
}

@article{saracco2010modeling,
  title={Modeling spatial variation in avian survival and residency probabilities},
  author={Saracco, James F and Royle, J Andrew and DeSante, David F and Gardner, Beth},
  journal={Ecology},
  volume={91},
  number={7},
  pages={1885--1891},
  year={2010},
  publisher={Wiley Online Library}
}

@article{weiss2015re,
  title={Re-examining environmental correlates of Plasmodium falciparum malaria endemicity: a data-intensive variable selection approach},
  author={Weiss, Daniel J and Mappin, Bonnie and Dalrymple, Ursula and Bhatt, Samir and Cameron, Ewan and Hay, Simon I and Gething, Peter W},
  journal={Malaria journal},
  volume={14},
  number={1},
  pages={1--18},
  year={2015},
  publisher={Springer}
}

@article{oliver2015soil,
  title={Soil, food security and human health: a review},
  author={Oliver, Margaret A and Gregory, PJ},
  journal={European Journal of Soil Science},
  volume={66},
  number={2},
  pages={257--276},
  year={2015},
  publisher={Wiley Online Library}
}

@book{lawson2013statistical,
  title={Statistical Methods in Spatial Epidemiology},
  author={Lawson, Andrew B},
  year={2013},
  publisher={John Wiley \& Sons}
}

@article{bolker2013strategies,
  title={Strategies for fitting nonlinear ecological models in R, AD M odel B uilder, and BUGS},
  author={Bolker, Benjamin M and Gardner, Beth and Maunder, Mark and Berg, Casper W and Brooks, Mollie and Comita, Liza and Crone, Elizabeth and Cubaynes, Sarah and Davies, Trevor and de Valpine, Perry and others},
  journal={Methods in Ecology and Evolution},
  volume={4},
  number={6},
  pages={501--512},
  year={2013},
  publisher={Wiley Online Library}
}

@article{fattah2021smart,
  title={Smart Gradient--An Adaptive Technique for Improving Gradient Estimation},
  author={Fattah, Esmail Abdul and Van Niekerk, Janet and Rue, H{\aa}vard},
  journal={arXiv preprint arXiv:2106.07313},
  year={2021}
}

@article{pisani2003hiv,
  title={HIV surveillance: a global perspective},
  author={Pisani, Elizabeth and Lazzari, Stefano and Walker, Neff and Schwartl{\"a}nder, Bernhard},
  journal={JAIDS Journal of Acquired Immune Deficiency Syndromes},
  volume={32},
  pages={S3--S11},
  year={2003},
  publisher={LWW}
}

@article{goldstein2006subjective,
  title={Subjective Bayesian analysis: principles and practice},
  author={Goldstein, Michael},
  year={2006}
}

@article{gregson2006hiv,
  title={HIV decline associated with behavior change in eastern Zimbabwe},
  author={Gregson, Simon and Garnett, Geoffrey P and Nyamukapa, Constance A and Hallett, Timothy B and Lewis, James JC and Mason, Peter R and Chandiwana, Stephen K and Anderson, Roy M},
  journal={Science},
  volume={311},
  number={5761},
  pages={664--666},
  year={2006},
  publisher={American Association for the Advancement of Science}
}

@article{grabowski2017hiv,
  title={HIV prevention efforts and incidence of HIV in Uganda},
  author={Grabowski, M Kate and Serwadda, David M and Gray, Ronald H and Nakigozi, Gertrude and Kigozi, Godfrey and Kagaayi, Joseph and Ssekubugu, Robert and Nalugoda, Fred and Lessler, Justin and Lutalo, Thomas and others},
  journal={New England Journal of Medicine},
  volume={377},
  number={22},
  pages={2154--2166},
  year={2017},
  publisher={Mass Medical Soc}
}

@article{dennis1981adaptive,
  title={An adaptive nonlinear least-squares algorithm},
  author={Dennis Jr, John E and Gay, David M and Walsh, Roy E},
  journal={ACM Transactions on Mathematical Software (TOMS)},
  volume={7},
  number={3},
  pages={348--368},
  year={1981},
  publisher={ACM New York, NY, USA}
}

@article{tokdar2010importance,
  title={Importance sampling: a review},
  author={Tokdar, Surya T and Kass, Robert E},
  journal={Wiley Interdisciplinary Reviews: Computational Statistics},
  volume={2},
  number={1},
  pages={54--60},
  year={2010},
  publisher={Wiley Online Library}
}

@book{sisson2018handbook,
  title={Handbook of approximate Bayesian computation},
  author={Sisson, Scott A and Fan, Yanan and Beaumont, Mark},
  year={2018},
  publisher={CRC Press}
}

@article{roy2020convergence,
  title={Convergence diagnostics for markov chain monte carlo},
  author={Roy, Vivekananda},
  journal={Annual Review of Statistics and Its Application},
  volume={7},
  pages={387--412},
  year={2020},
  publisher={Annual Reviews}
}

@Manual{viridis,
  title = {{viridis(Lite)} - Colorblind-Friendly Color Maps for R},
  author = {{Garnier} and {Simon} and {Ross} and {Noam} and {Rudis}
    and {Robert} and {Camargo} and AntÃ´nio Pedro and {Sciaini} and
    {Marco} and {Scherer} and {CÃ©dric}},
  year = {2023},
  note = {viridis package version 0.6.4},
  url = {https://sjmgarnier.github.io/viridis/},
  doi = {10.5281/zenodo.4679423},
}

@inproceedings{smith2015better,
  title = {{A Better Default Colormap for Matplotlib}},
  author = {Smith, Nathaniel and van der Walt, StÃ©fan},
  booktitle = {Proceedings of the 14th Python in Science Conference (SciPy)},
  year = {2015},
}

@article{fournier2012ad,
  title={AD Model Builder: using automatic differentiation for statistical inference of highly parameterized complex nonlinear models},
  author={Fournier, David A and Skaug, Hans J and Ancheta, Johnoel and Ianelli, James and Magnusson, Arni and Maunder, Mark N and Nielsen, Anders and Sibert, John},
  journal={Optimization Methods and Software},
  volume={27},
  number={2},
  pages={233--249},
  year={2012},
  publisher={Taylor \& Francis}
}

@article{margossian2019review,
  title={A review of automatic differentiation and its efficient implementation},
  author={Margossian, Charles C},
  journal={Wiley interdisciplinary reviews: data mining and knowledge discovery},
  volume={9},
  number={4},
  pages={e1305},
  year={2019},
  publisher={Wiley Online Library}
}

@article{gelman2006prior,
  title={Prior distributions for variance parameters in hierarchical models (comment on article by Browne and Draper)},
  author={Gelman, Andrew},
  year={2006}
}

@article{spiegelhalter2014deviance,
  title={The deviance information criterion: 12 years on},
  author={Spiegelhalter, David J and Best, Nicola G and Carlin, Bradley P and Van der Linde, Angelika},
  journal={Journal of the Royal Statistical Society: Series B: Statistical Methodology},
  pages={485--493},
  year={2014},
  publisher={JSTOR}
}

@article{lee2011comparison,
  title={A comparison of conditional autoregressive models used in Bayesian disease mapping},
  author={Lee, Duncan},
  journal={Spatial and Spatio-temporal Epidemiology},
  volume={2},
  number={2},
  pages={79--89},
  year={2011},
  publisher={Elsevier}
}

@article{stein1999interpolation,
  title={Interpolation of spatial data: some theory for kriging},
  author={Stein, Michael L},
  year={1999},
  publisher={Springer}
}

@inproceedings{best1999bayesian,
  title={Bayesian models for spatially correlated disease and exposure data},
  author={Best, N and Arnold, N and Thomas, A and Waller, L and Conlon, E},
  booktitle={Bayesian Statistics 6: Proceedings of the Sixth Valencia International Meeting},
  volume={6},
  pages={131},
  year={1999},
  organization={Oxford University Press}
}

@article{betancourt2017robust,
 title = {Robust Gaussian processes in Stan},
 author = {Betancourt, Michael},
 url = {https://betanalpha.github.io/assets/case_studies/gp_part3/part3.html},
 year = {2017}
}

@article{akaike1973information,
  title={Information theory as an extension of the maximum likelihood principle--In: Second International Symposium on Information Theory (Eds) BN Petrov, F},
  author={Akaike, Hirotugu},
  journal={Csaki. BNPBF Csaki Budapest: Academiai Kiado},
  year={1973}
}

@inproceedings{eaton2022aids,
  title={{Precision public health and infectious diseases}},
  author={Eaton, W Jeffrey},
  booktitle={AIDS2022: Strengthening health systems session.},
  year={2022}
}

@article{brier1950verification,
  title={Verification of forecasts expressed in terms of probability},
  author={Brier, Glenn W},
  journal={Monthly weather review},
  volume={78},
  number={1},
  pages={1--3},
  year={1950}
}

@article{matheson1976scoring,
  title={Scoring rules for continuous probability distributions},
  author={Matheson, James E and Winkler, Robert L},
  journal={Management science},
  volume={22},
  number={10},
  pages={1087--1096},
  year={1976},
  publisher={INFORMS}
}

@article{konstantinoudis2020discrete,
  title={Discrete versus continuous domain models for disease mapping},
  author={Konstantinoudis, Garyfallos and Schuhmacher, Dominic and Rue, H{\aa}vard and Spycher, Ben D},
  journal={Spatial and spatio-temporal epidemiology},
  volume={32},
  pages={100319},
  year={2020},
  publisher={Elsevier}
}

@article{diggle2016model,
  title={Model-based geostatistics for prevalence mapping in low-resource settings},
  author={Diggle, Peter J and Giorgi, Emanuele},
  journal={Journal of the American Statistical Association},
  volume={111},
  number={515},
  pages={1096--1120},
  year={2016},
  publisher={Taylor \& Francis}
}

@article{brown2015model,
  title={Model-based geostatistics the easy way},
  author={Brown, Patrick E},
  journal={Journal of Statistical Software},
  volume={63},
  pages={1--24},
  year={2015}
}

@article{schlather2015analysis,
  title={Analysis, simulation and prediction of multivariate random fields with package RandomFields},
  author={Schlather, Martin and Malinowski, Alexander and Menck, Peter J and Oesting, Marco and Strokorb, Kirstin},
  journal={Journal of Statistical Software},
  volume={63},
  pages={1--25},
  year={2015}
}

